<?xml version="1.0" encoding="UTF-8"?><collection xmlns="http://www.loc.gov/MARC21/slim"><record><leader>00632nam--2200205-u-4500</leader><controlfield tag="001">000055854</controlfield><controlfield tag="002">20161230</controlfield><controlfield tag="005">20161230201052</controlfield><controlfield tag="008">130809s1000------------r-----000-0-rus-d</controlfield><datafield ind1=" " ind2=" " tag="040"><subfield code="a">IFIN-HH</subfield></datafield><datafield ind1=" " ind2=" " tag="041"><subfield code="a">rus</subfield></datafield><datafield ind1=" " ind2=" " tag="080"><subfield code="a">519.41/47</subfield></datafield><datafield ind1="1" ind2=" " tag="100"><subfield code="a">Bhagavantam, S</subfield></datafield><datafield ind1="1" ind2="0" tag="245"><subfield code="a">Teoria grupp i ee primenenie k fiziceskim problemam</subfield><subfield code="c">S. bhagavantam, t. venkatarayudu</subfield></datafield><datafield ind1=" " ind2=" " tag="260"><subfield code="a">Moskva</subfield><subfield code="b">Inostranoi Literaturi</subfield><subfield code="c">1959</subfield></datafield><datafield ind1=" " ind2=" " tag="300"><subfield code="a">301P</subfield></datafield><datafield ind1=" " ind2=" " tag="500"><subfield code="a">Titlul Original In Limba Engleza: Theory Of Groups And Its Application To Physical Problems</subfield></datafield><datafield ind1="1" ind2=" " tag="700"><subfield code="a">Venkatarayudu, T</subfield></datafield><datafield ind1=" " ind2=" " tag="852"><subfield code="a">6099</subfield><subfield code="c">519.4</subfield></datafield><datafield ind1=" " ind2=" " tag="CAT"><subfield code="a">Sys</subfield><subfield code="c">20130809</subfield><subfield code="h">103051</subfield></datafield></record></collection>